@STRING{ ieeetc = "IEEE Transactions on Communications"}
@STRING{ ieeetsp = "IEEE Transactions on Signal Processing"}
@STRING{ ieeeit = "IEEE Transactions on Information Theory"}
@STRING{ pieee = "Proceedings of the IEEE"}
@STRING{ jaes = "Journal of the Audio Engineering Society"}
@STRING{ ieeecas = "IEEE Transactions on Circuits and Systems"}
@STRING{ ieeessc = "IEEE Journal of Solid-State Circuits"}
@STRING{ bstj = "Bell Systems Technical Journal"}
@STRING{ ieeeassp = "IEEE Trans\-actions on Acoustics, Speech, and Signal Processing"}
@STRING{ ieeeae = "IEEE Transactions on Audio and Electroacoustics"}
@STRING{ adda = "IEE International Conference on Analogue to Digital and Digital to Analogue Conversion"}
@STRING{ pioc = "Proceedings of Institute of Acoustics"}
@STRING{ iscas = "IEEE International Symposium on Circuits and Systems"}
@STRING{ icassp = "IEEE International Conference on Acoustics, Speech, and Signal Processing"}
@STRING{ procicassp = "Proceedings of the "}
@STRING{ aes7 = "Proceedings of the AES 7th International Conference:~Audio in Digital Times"}
@STRING{ el = "Electronic Letters"}
@STRING{ ieecds = "IEE Proceedings on Circuits, Devices and Systems"}
@STRING{ ieecol = "IEE colloquium on Oversampling and sigma-delta Strategies for DSP, ref 1995/217"}
@STRING{ ieeesac = "IEEE Journal on Selected Areas in Communications"}
@STRING{ ieeesap = "IEEE Transactions on Speech and Audio Processing"}
@STRING{ jasa = "Journal of Acoustical Society of America"}
@STRING{ ieeesp = "IEEE Transactions on Signal Processing"}
@STRING{ aespre = "Audio Engineering Society Preprint"}
@STRING{ ieeel = "IEEE Signal Processing Letters"}
@misc{fli:mult,
	author={Norbert~Fliege},
	title={Multiraten-Signalverarbeitung},
	year= 1993,
	publisher={B.G.~Teubner},
	address={Stuttgart},
	note={{ISBN} 3-519-06155-4}
}

@book{vaid,
	author={P.P.~Vaidyanathan},
	title={Multirate Systems and Filter Banks},
	publisher={Prentice Hall},
	year= 1993,
	address={Englewood Cliffs, New Jersey},
	note={ISBN 0-13-605718-7},
	tub={2734-6190}
}

@article{konstan,
	author={Konstantinos Konstantinides},
	title={{Fast Subband Filtering in {MPEG} Audio Coding}},
	journal= ieeel,
	volume= 1,
	year= 1994,
	pages={26--28},
	month= feb,
	number= 2
}

@inproceedings{Bauch_MAS,
	author={Gerhard Bauch and Joachim Hagenauer},
	title={Multiple antenna systems: Capacities, transmit diversity and turbo processing},
	booktitle={Proc. 4th International ITG Conference Source and Channel Coding, Berlin,
		Germany},
	year={2002},
	month= jan ,
	pages={387-398}
}

